<record><leader>00000cas a2200000 a 4500</leader><controlfield tag="001">13370525</controlfield><controlfield tag="008">860401d18851903paucr ne      0    0eng d</controlfield><datafield ind1=" " ind2=" " tag="010"><subfield code="a">sn 86063555 </subfield></datafield><datafield ind1=" " ind2=" " tag="040"><subfield code="a">KSH</subfield><subfield code="b">eng</subfield><subfield code="c">KSH</subfield><subfield code="d">NPT</subfield><subfield code="d">NPX</subfield><subfield code="d">NPH</subfield><subfield code="d">OCL</subfield><subfield code="d">OCLCQ</subfield></datafield><datafield ind1=" " ind2=" " tag="042"><subfield code="a">msc</subfield></datafield><datafield ind1="0" ind2=" " tag="130"><subfield code="a">Semiweekly free press (Easton, Pa.)</subfield></datafield><datafield ind1="1" ind2="0" tag="245"><subfield code="a">Semiweekly free press.</subfield></datafield><datafield ind1="3" ind2="0" tag="246"><subfield code="a">Free semi-weekly press</subfield></datafield><datafield ind1="3" ind2="0" tag="246"><subfield code="a">Free press</subfield></datafield><datafield ind1=" " ind2=" " tag="260"><subfield code="a">Easton, Pa. :</subfield><subfield code="b">D.B. Wood,</subfield><subfield code="c">-1903.</subfield></datafield><datafield ind1=" " ind2=" " tag="300"><subfield code="a">v. :</subfield><subfield code="b">ill. ;</subfield><subfield code="c">64 cm.</subfield></datafield><datafield ind1=" " ind2=" " tag="310"><subfield code="a">Semiweekly</subfield></datafield><datafield ind1="1" ind2=" " tag="362"><subfield code="a">Began in 1885?</subfield></datafield><datafield ind1="0" ind2=" " tag="362"><subfield code="a">-44th yr., new ser. no. 2193 (Mar. 31, 1903).</subfield></datafield><datafield ind1=" " ind2=" " tag="500"><subfield code="a">"Semiweekly" appears above masthead logo.</subfield></datafield><datafield ind1=" " ind2=" " tag="500"><subfield code="a">"Only Republican journal in Northampton County."</subfield></datafield><datafield ind1=" " ind2=" " tag="500"><subfield code="a">Publisher: Andrews &amp; Clifton, &lt;1889&gt;.</subfield></datafield><datafield ind1=" " ind2=" " tag="588"><subfield code="a">Description based on: 30th yr., new ser., no. 2 (Jan. 16, 1885).</subfield></datafield><datafield ind1=" " ind2=" " tag="752"><subfield code="a">United States</subfield><subfield code="b">Pennsylvania</subfield><subfield code="c">Northampton</subfield><subfield code="d">Easton.</subfield></datafield><datafield ind1="0" ind2=" " tag="775"><subfield code="t">Daily free press (Easton, Pa.)</subfield><subfield code="w">(DLC)sn 88079158</subfield></datafield><datafield ind1="0" ind2=" " tag="775"><subfield code="t">Free press (Easton, Pa. : Daily)</subfield><subfield code="w">(DLC)sn 86053434</subfield></datafield><datafield ind1="0" ind2="0" tag="780"><subfield code="t">Weekly free press (Easton, Pa. : 1878)</subfield><subfield code="w">(DLC)sn 88079118</subfield></datafield><datafield ind1="0" ind2="0" tag="785"><subfield code="t">Easton free press (Easton, Pa. : 1903 : Semiweekly)</subfield><subfield code="w">(DLC)sn 88079112</subfield></datafield></record>